<record><leader>00000cas a22000007a 4500</leader><controlfield tag="001">28281883</controlfield><controlfield tag="008">930616d187u1uuutxuuu ne      0    0eng d</controlfield><datafield ind1=" " ind2=" " tag="010"><subfield code="a">sn 93068239 </subfield></datafield><datafield ind1=" " ind2=" " tag="040"><subfield code="a">PPM</subfield><subfield code="b">eng</subfield><subfield code="c">PPM</subfield><subfield code="d">OCLCQ</subfield></datafield><datafield ind1=" " ind2=" " tag="042"><subfield code="a">msc</subfield></datafield><datafield ind1="0" ind2=" " tag="130"><subfield code="a">Decatur tribune (Decatur, Tex.)</subfield></datafield><datafield ind1="1" ind2="0" tag="245"><subfield code="a">Decatur tribune.</subfield></datafield><datafield ind1=" " ind2=" " tag="260"><subfield code="a">Decatur, Wise County, Tex. :</subfield><subfield code="b">R.W. Roberson</subfield></datafield><datafield ind1=" " ind2=" " tag="300"><subfield code="a">v.</subfield></datafield><datafield ind1=" " ind2=" " tag="588"><subfield code="a">Description based on : vol. 6, no. 43 (Sep. 20, 1878).</subfield></datafield><datafield ind1=" " ind2=" " tag="752"><subfield code="a">United States</subfield><subfield code="b">Texas</subfield><subfield code="c">Wise</subfield><subfield code="d">Decatur.</subfield></datafield></record>